@book{saraswathi2013oracle,
  title={Oracle SOA BPEL Process Manager 11gR1--A Hands-on Tutorial},
  author={Saraswathi, Ravi and Singh, Jaswant},
  year={2013},
  publisher={Packt Publishing Ltd}
}
@misc{andrews2003business,
  title={Business process execution language for web services},
  author={Andrews, Tony and Curbera, Francisco and Dholakia, Hitesh and Goland, Yaron and Klein, Johannes and Leymann, Frank and Liu, Kevin and Roller, Dieter and Smith, Doug and Thatte, Satish and others},
  year={2003},
  publisher={version}
}
@inproceedings{baresi2005towards,
  title={Towards dynamic monitoring of WS-BPEL processes},
  author={Baresi, Luciano and Guinea, Sam},
  booktitle={International Conference on Service-Oriented Computing},
  pages={269--282},
  year={2005},
  organization={Springer}
}
@inproceedings{rosenberg2005business,
  title={Business rules integration in BPEL-a service-oriented approach},
  author={Rosenberg, Florian and Dustdar, Schahram},
  booktitle={Seventh IEEE International Conference on E-Commerce Technology (CEC'05)},
  pages={476--479},
  year={2005},
  organization={IEEE}
}
@inproceedings{ouyang2005wofbpel,
  title={WofBPEL: A tool for automated analysis of BPEL processes},
  author={Ouyang, Chun and Verbeek, Eric and van der Aalst, Wil MP and Breutel, Stephan and Dumas, Marlon and ter Hofstede, Arthur HM},
  booktitle={International Conference on Service-Oriented Computing},
  pages={484--489},
  year={2005},
  organization={Springer}
}
@inproceedings{mayer2006towards,
  title={Towards a BPEL unit testing framework},
  author={Mayer, Philip and L{\"u}bke, Daniel},
  booktitle={Proceedings of the 2006 workshop on Testing, analysis, and verification of web services and applications},
  pages={33--42},
  year={2006},
  organization={ACM}
}
@inproceedings{ouyang2006translating,
  title={Translating standard process models to BPEL},
  author={Ouyang, Chun and Dumas, Marlon and Breutel, Stephan and ter Hofstede, Arthur},
  booktitle={International Conference on Advanced Information Systems Engineering},
  pages={417--432},
  year={2006},
  organization={Springer}
}
@incollection{slominski2007adapting,
  title={Adapting BPEL to scientific workflows},
  author={Slominski, Aleksander},
  booktitle={Workflows for e-Science},
  pages={208--226},
  year={2007},
  publisher={Springer}
}
@inproceedings{hackmann2006sliver,
  title={Sliver: A BPEL workflow process execution engine for mobile devices},
  author={Hackmann, Gregory and Haitjema, Mart and Gill, Christopher and Roman, Gruia-Catalin},
  booktitle={International Conference on Service-Oriented Computing},
  pages={503--508},
  year={2006},
  organization={Springer}
}
@article{van2008translating,
  title={Translating unstructured workflow processes to readable BPEL: Theory and implementation},
  author={Van Der Aalst, Wil MP and Lassen, Kristian Bisgaard},
  journal={Information and Software Technology},
  volume={50},
  number={3},
  pages={131--159},
  year={2008},
  publisher={Elsevier}
}
@article{kovacs2008formal,
  title={Formal analysis of BPEL workflows with compensation by model checking},
  author={Kov{\'a}cs, M{\'a}t{\'e} and Varr{\'o}, D{\'a}niel and G{\"o}nczy, L{\'a}szl{\'o}},
  journal={Computer Systems Science and Engineering},
  volume={23},
  number={5},
  pages={349--363},
  year={2008},
  publisher={CRL Publishing}
}
@article{cardoso2007complexity,
  title={Complexity analysis of BPEL web processes},
  author={Cardoso, Jorge},
  journal={Software Process: Improvement and Practice},
  volume={12},
  number={1},
  pages={35--49},
  year={2007},
  publisher={Wiley Online Library}
}
@article{baresi2007towards,
  title={Towards distributed bpel orchestrations},
  author={Baresi, Luciano and Maurino, Andrea and Modafferi, Stefano},
  journal={Electronic Communications of the EASST},
  volume={3},
  year={2007}
}
@article{kopp2011classification,
  title={A classification of BPEL extensions},
  author={Kopp, Oliver and G{\"o}rlach, Katharina and Karastoyanova, Dimka and Leymann, Frank and Reiter, Michael and Schumm, David and Sonntag, Mirko and Strauch, Steve and Unger, Tobias and Wieland, Matthias and others},
  journal={Journal of Systems Integration},
  volume={2},
  number={4},
  pages={3--28},
  year={2011}
}
@misc{wikiBpelList,
  title = {List of BPEL engines},
  howpublished = {\url{https://en.wikipedia.org/wiki/List_of_BPEL_engines.htm}},
  note = {Accessed: 2019-10-30}
}

@article{murata1989petri,
  title={Petri nets: Properties, analysis and applications},
  author={Murata, Tadao},
  journal={Proceedings of the IEEE},
  volume={77},
  number={4},
  pages={541--580},
  year={1989},
  publisher={IEEE}
}

@article{lasserre1989using,
  title={Using linear programming in Petri net analysis},
  author={Lasserre, Jean B and Mahey, Philippe},
  journal={RAIRO-Operations Research},
  volume={23},
  number={1},
  pages={43--50},
  year={1989},
  publisher={EDP Sciences}
}
