@incollection{ford2009maximal,
  title={Maximal flow through a network},
  author={Ford, Lester Randolph and Fulkerson, Delbert R},
  booktitle={Classic papers in combinatorics},
  pages={243--248},
  year={2009},
  publisher={Springer}
}

@misc{bikfalvi,
  author={Péter Bikfalvi},
  title={Jelek és folyamatok modellezése, segédlet},
  url={http://ait2.iit.uni-miskolc.hu/oktatas/jel_foly_mod/index_term_foly_lev.htm},
  year={2019},
  publisher={Miskolci Egyetem}
}